<record><leader>00000cas a2200000 a 4500</leader><controlfield tag="001">488684644</controlfield><controlfield tag="008">091214c19uu9999iluwr ne      0   a0eng c</controlfield><datafield ind1=" " ind2=" " tag="010"><subfield code="a">  2009271124</subfield></datafield><datafield ind1=" " ind2=" " tag="040"><subfield code="a">NVF</subfield><subfield code="b">eng</subfield><subfield code="c">NVF</subfield><subfield code="d">OCLCQ</subfield><subfield code="d">OCLCF</subfield><subfield code="d">OCLCO</subfield><subfield code="d">NVF</subfield></datafield><datafield ind1=" " ind2=" " tag="042"><subfield code="a">pcc</subfield></datafield><datafield ind1=" " ind2=" " tag="043"><subfield code="a">n-us-il</subfield></datafield><datafield ind1="0" ind2=" " tag="130"><subfield code="a">Round Lake journal (Grayslake, Ill.)</subfield></datafield><datafield ind1="1" ind2="0" tag="245"><subfield code="a">Round Lake journal.</subfield></datafield><datafield ind1=" " ind2=" " tag="260"><subfield code="a">Grayslake, Ill. :</subfield><subfield code="b">Lakeland Journals</subfield></datafield><datafield ind1=" " ind2=" " tag="300"><subfield code="a">volumes</subfield></datafield><datafield ind1=" " ind2=" " tag="310"><subfield code="a">Weekly</subfield></datafield><datafield ind1=" " ind2=" " tag="588"><subfield code="a">Description based on: Vol. 68, no. 7 (Apr. 7, 2006).</subfield></datafield><datafield ind1=" " ind2="0" tag="651"><subfield code="a">Round Lake (Ill.)</subfield><subfield code="v">Newspapers.</subfield></datafield><datafield ind1=" " ind2="0" tag="651"><subfield code="a">Round Lake Park (Ill.)</subfield><subfield code="v">Newspapers.</subfield></datafield><datafield ind1=" " ind2="0" tag="651"><subfield code="a">Round Lake Beach (Ill.)</subfield><subfield code="v">Newspapers.</subfield></datafield><datafield ind1=" " ind2="0" tag="651"><subfield code="a">Round Lake Heights (Ill.)</subfield><subfield code="v">Newspapers.</subfield></datafield><datafield ind1=" " ind2="0" tag="651"><subfield code="a">Hainesville (Ill.)</subfield><subfield code="v">Newspapers.</subfield></datafield><datafield ind1=" " ind2="7" tag="651"><subfield code="a">Illinois</subfield><subfield code="z">Hainesville.</subfield><subfield code="2">fast</subfield><subfield code="0">(OCoLC)fst01279057</subfield></datafield><datafield ind1=" " ind2="7" tag="651"><subfield code="a">Illinois</subfield><subfield code="z">Round Lake.</subfield><subfield code="2">fast</subfield><subfield code="0">(OCoLC)fst01226743</subfield></datafield><datafield ind1=" " ind2="7" tag="651"><subfield code="a">Illinois</subfield><subfield code="z">Round Lake Beach.</subfield><subfield code="2">fast</subfield><subfield code="0">(OCoLC)fst01277897</subfield></datafield><datafield ind1=" " ind2="7" tag="651"><subfield code="a">Illinois</subfield><subfield code="z">Round Lake Heights.</subfield><subfield code="2">fast</subfield><subfield code="0">(OCoLC)fst01279058</subfield></datafield><datafield ind1=" " ind2="7" tag="651"><subfield code="a">Illinois</subfield><subfield code="z">Round Lake Park.</subfield><subfield code="2">fast</subfield><subfield code="0">(OCoLC)fst01277898</subfield></datafield><datafield ind1=" " ind2="7" tag="655"><subfield code="a">Newspapers.</subfield><subfield code="2">fast</subfield><subfield code="0">(OCoLC)fst01423814</subfield></datafield><datafield ind1=" " ind2=" " tag="752"><subfield code="a">United States</subfield><subfield code="b">Illinois</subfield><subfield code="c">Lake County</subfield><subfield code="d">Grayslake.</subfield></datafield><datafield ind1="0" ind2="5" tag="780"><subfield code="t">Round lake news</subfield><subfield code="w">(DLC)sn 94054454</subfield><subfield code="w">(OCoLC)30949403</subfield></datafield></record>